@misc{subject:taa,
  author        = {Calonge Cano, Teodoro and Alonso GonzáLez, Carlos Javier},
  title         = {{Técnicas de Aprendizaje Autómatico}},
  year          = {2016/17},
  publisher     = {E.T.S. Ingeniería Informática de la Universidad de valladolid}
}

@misc{github:ismtabo-treetograph,
  author        = {Taboada Rodero, Ismael José},
  title         = {{treetograph}},
  howpublished  = { \url{https://github.com/ismtabo/treetograph}},
  year          = 2016
}

@misc{garciparedes:machine-learning-bayesian-2,
  author        = {García Prado, Sergio},
  title         = {Métodos Bayesianos 2},
  howpublished  = {\url{https://github.com/garciparedes/machine-learning-bayesian-2}},
  year          = 2017
}

@misc{garciparedes:python-examples,
  author        = {García Prado, Sergio},
  title         = {{Python Examples}},
  howpublished  = {\url{https://github.com/garciparedes/python-examples}},
  year          = 2017
}

@misc{tool:weka,
  publisher     = {The University of Waikato},
  title         = {{Weka}},
  howpublished  = {\url{http://www.cs.waikato.ac.nz/ml/weka/}},
}

@misc{dataset:soybean,
  title         = {{Soybean Data Set}},
  howpublished  = {\url{http://storm.cis.fordham.edu/~gweiss/data-mining/weka-data/soybean.arff}}
}
@misc{dataset:labor,
  title         = {{Labor Data Set}},
  howpublished  = {\url{http://storm.cis.fordham.edu/~gweiss/data-mining/weka-data/labor.arff}}
}

@misc{dataset:vote,
  title         = {{Vote Data Set}},
  howpublished  = {\url{http://storm.cis.fordham.edu/~gweiss/data-mining/weka-data/vote.arff}}
}

@misc{dataset:iris,
  title         = {{Iris Data Set}},
  howpublished  = {\url{http://storm.cis.fordham.edu/~gweiss/data-mining/weka-data/iris.arff}}
}

@misc{dataset:weather,
  title         = {{Weather Nominal Data Set}},
  howpublished  = {\url{http://storm.cis.fordham.edu/~gweiss/data-mining/weka-data/weather.nominal.arff}}
}

@misc{dataset:segmentation,
  author    = {{UCI Machine Learning Repository}},
  title     = {{Image Segmentation Data Data Set}},
  note      = {\url{http://archive.ics.uci.edu/ml/datasets/Image+Segmentation}}
}
@inproceedings{john1995estimating,
  title={Estimating continuous distributions in Bayesian classifiers},
  author={John, George H and Langley, Pat},
  booktitle={Proceedings of the Eleventh conference on Uncertainty in artificial intelligence},
  pages={338--345},
  year={1995},
  organization={Morgan Kaufmann Publishers Inc.}
}

@misc{wiki:Bayesian_network,
   author = "Wikipedia",
   title = "{Bayesian network} --- {W}ikipedia{,} The Free Encyclopedia",
   year = "2017",
   howpublished = {\url{http://en.wikipedia.org/w/index.php?title=Bayesian\%20network&oldid=776991271}},
   note = "[Online; accessed 02-May-2017]"
 }
